@article{Kurtzer_2017,
	doi = {10.1371/journal.pone.0177459},
	url = {https://doi.org/10.1371%2Fjournal.pone.0177459},
	year = 2017,
	month = {may},
	publisher = {Public Library of Science ({PLoS})},
	volume = {12},
	number = {5},
	pages = {e0177459},
	author = {Gregory M. Kurtzer and Vanessa Sochat and Michael W. Bauer},
	editor = {Attila Gursoy},
	title = {Singularity: Scientific containers for mobility of compute},
	journal = {{PLOS} {ONE}}
}
